






@article{doi:10.1080/01621459.1992.10475217,
author = { Jean-Claude   Deville  and  Carl-Erik   SÃ¤rndal },
title = {Calibration Estimators in Survey Sampling},
journal = {Journal of the American Statistical Association},
volume = {87},
number = {418},
pages = {376-382},
year  = {1992},
publisher = {Taylor & Francis},
doi = {10.1080/01621459.1992.10475217},

URL = { 
    
    
        https://www.tandfonline.com/doi/abs/10.1080/01621459.1992.10475217
    

},
eprint = { 
    
    
        https://www.tandfonline.com/doi/pdf/10.1080/01621459.1992.10475217
    

}

}


